@BOOK{EKS07,
	AUTHOR = {Eichler, H. J. AND Kronfeldt, H.-D. AND Sahm, J.},
	YEAR = {2007},
	TITLE = {Das Neue Physikalische Grundpraktikum},
	EDITION = {Zweite, erweiterte und aktualisierte Auflage},
	ISBN = {978-3-540-29968-4},
	PUBLISHER = {Springer DE},
	ADDRESS = {Berlin},
}

@BOOK{Dem10,
	AUTHOR = {Demtröder, W.},
	YEAR = {2010},
	TITLE = {Experimentalphysik 4 - Kern-, Teilchen- Und Astrophysik},
	EDITION = {3. Auflage},
	ISBN = {978-3-642-01598-4},
	PUBLISHER = {Springer DE},
	ADDRESS = {Berlin}
}

@BOOK{HW03,
	AUTHOR = {Haken, H. AND Wolf, H. C.},
	YEAR = {2003},
	TITLE = {Atom- und Quantenphysik : Einführung in die experimentellen und theoretischen Grundlagen},
	EDITION = {8., aktualisierte und erw. Aufl.},
	ISBN = {3-540-02621-5; 978-3-642-62142-0},
	PUBLISHER = {Springer DE},
	ADDRESS = {Berlin}
}

@UNPUBLISHED{EW11,
      AUTHOR= {M. Elstner AND P. Weis},
      TITLE= {Physikalische Chemie I-B: Kinetik},
      NOTE= {Vorlesungsskript PC-I},
      MONTH={02},
      YEAR={2011}
}
